@inproceedings{RobertsCharlieWright,
address = {Korea Republic Daejeon + Seoul, Korea Republic},
author = {Roberts, Charlie and Wright M.},
publisher = {Roberts, Charlie, and Wright M. The Web Browser As Synthesizer And Interface. In Proceedings of the International Conference on New Interfaces for Musical Expression. Daejeon + Seoul, Korea Republic, 2013.},
title = {The Web Browser As Synthesizer And Interface},
year = {2013},
}
@inproceedings{RobertsForbesHollerer,
address = {Korea RepublicDaejeon + Seoul, Korea Republic},
author = {Roberts, C. and Forbes, A. and Hollerer, T.},
publisher = {Proceedings of the International Conference on New Interfaces for Musical Expression},
title = {Enabling Multimodal Mobile Interfaces for Interactive Musical Performance},
year = {2013},
}
@article{allo1,
 author = {Wakefield, Graham and H\"{o}llerer, Tobias and Kuchera-Morin, JoAnn and Roberts, Charles and Wright, Matthew},
 title = {Spatial Interaction in a Multiuser Immersive Instrument},
 journal = {IEEE Comput. Graph. Appl.},
 issue_date = {November 2013},
 volume = {33},
 number = {6},
 month = nov,
 year = {2013},
 issn = {0272-1716},
 pages = {14--20},
 numpages = {7},
 url = {http://dx.doi.org/10.1109/MCG.2013.99},
 doi = {10.1109/MCG.2013.99},
 acmid = {2587847},
 publisher = {IEEE Computer Society Press},
 address = {Los Alamitos, CA, USA},
 keywords = {Spatial analysis,Virtual reality,Browsers,Computer graphics,Multimedia communication,Cloud computing,multimedia,AlloSphere,multiuser immersive environments,immersive environments,virtual environments,spatial interaction,spatial interfaces,virtual reality,Graph Browser,Cloud Bridge,Allobrain,Time of Doubles,computer graphics},
} 
@phdthesis{wright,
 author = {Wright, Matthew James},
 advisor = {Chafe, Chris},
 title = {The Shape of an Instant: Measuring and Modeling Perceptual Attack Time with Probability Density Functions (if a Tree Falls in the Forest, when Did 57 People Hear It Make a Sound?)},
 year = {2008},
 isbn = {978-0-549-48935-1},
 note = {AAI3302886},
 publisher = {Stanford University},
 address = {Stanford, CA, USA},
} 

@inproceedings{allo2,
 author = {Kuchera-Morin, JoAnn C.},
 title = {Using the Creative Process to Map N Dimensions: Quantum Information at Your Fingertips},
 booktitle = {Proceedings of the Seventh ACM Conference on Creativity and Cognition},
 series = {C\&\#38;C '09},
 year = {2009},
 isbn = {978-1-60558-865-0},
 location = {Berkeley, California, USA},
 pages = {1--2},
 numpages = {2},
 url = {http://doi.acm.org/10.1145/1640233.1640234},
 doi = {10.1145/1640233.1640234},
 acmid = {1640234},
 publisher = {ACM},
 address = {New York, NY, USA},
 keywords = {creative design, immersive multi-modal systems, multi-modal representation, scientific visualization},
} 

